%YAML 1.1
%TAG !u! tag:unity3d.com,2011:
--- !u!1 &702256448942458107
GameObject:
  m_ObjectHideFlags: 0
  m_CorrespondingSourceObject: {fileID: 0}
  m_PrefabInstance: {fileID: 0}
  m_PrefabAsset: {fileID: 0}
  serializedVersion: 6
  m_Component:
  - component: {fileID: 5148211802561375775}
  - component: {fileID: 6210696281873454077}
  - component: {fileID: 1132452431363048579}
  - component: {fileID: 5770955973400792037}
  m_Layer: 5
  m_Name: prueba
  m_TagString: Untagged
  m_Icon: {fileID: 0}
  m_NavMeshLayer: 0
  m_StaticEditorFlags: 0
  m_IsActive: 1
--- !u!224 &5148211802561375775
RectTransform:
  m_ObjectHideFlags: 0
  m_CorrespondingSourceObject: {fileID: 0}
  m_PrefabInstance: {fileID: 0}
  m_PrefabAsset: {fileID: 0}
  m_GameObject: {fileID: 702256448942458107}
  m_LocalRotation: {x: 0, y: 0, z: 0, w: 1}
  m_LocalPosition: {x: 0, y: 0, z: 0}
  m_LocalScale: {x: 1, y: 1, z: 1}
  m_Children:
  - {fileID: 8788086170116622135}
  m_Father: {fileID: 0}
  m_RootOrder: 0
  m_LocalEulerAnglesHint: {x: 0, y: 0, z: 0}
  m_AnchorMin: {x: 0.5, y: 0.5}
  m_AnchorMax: {x: 0.5, y: 0.5}
  m_AnchoredPosition: {x: 29.9431, y: -17.815063}
  m_SizeDelta: {x: 100, y: 100}
  m_Pivot: {x: 0.5, y: 0.5}
--- !u!222 &6210696281873454077
CanvasRenderer:
  m_ObjectHideFlags: 0
  m_CorrespondingSourceObject: {fileID: 0}
  m_PrefabInstance: {fileID: 0}
  m_PrefabAsset: {fileID: 0}
  m_GameObject: {fileID: 702256448942458107}
  m_CullTransparentMesh: 0
--- !u!114 &1132452431363048579
MonoBehaviour:
  m_ObjectHideFlags: 0
  m_CorrespondingSourceObject: {fileID: 0}
  m_PrefabInstance: {fileID: 0}
  m_PrefabAsset: {fileID: 0}
  m_GameObject: {fileID: 702256448942458107}
  m_Enabled: 1
  m_EditorHideFlags: 0
  m_Script: {fileID: 11500000, guid: fe87c0e1cc204ed48ad3b37840f39efc, type: 3}
  m_Name: 
  m_EditorClassIdentifier: 
  m_Material: {fileID: 0}
  m_Color: {r: 0.8176289, g: 0.25098038, b: 1, a: 1}
  m_RaycastTarget: 1
  m_OnCullStateChanged:
    m_PersistentCalls:
      m_Calls: []
    m_TypeName: UnityEngine.UI.MaskableGraphic+CullStateChangedEvent, UnityEngine.UI,
      Version=1.0.0.0, Culture=neutral, PublicKeyToken=null
  m_Sprite: {fileID: 0}
  m_Type: 0
  m_PreserveAspect: 0
  m_FillCenter: 1
  m_FillMethod: 4
  m_FillAmount: 1
  m_FillClockwise: 1
  m_FillOrigin: 0
  m_UseSpriteMesh: 0
  m_PixelsPerUnitMultiplier: 1
--- !u!95 &5770955973400792037
Animator:
  serializedVersion: 3
  m_ObjectHideFlags: 0
  m_CorrespondingSourceObject: {fileID: 0}
  m_PrefabInstance: {fileID: 0}
  m_PrefabAsset: {fileID: 0}
  m_GameObject: {fileID: 702256448942458107}
  m_Enabled: 1
  m_Avatar: {fileID: 0}
  m_Controller: {fileID: 9100000, guid: 5f991b1184f5cd24e8d7104f878071f6, type: 2}
  m_CullingMode: 0
  m_UpdateMode: 0
  m_ApplyRootMotion: 0
  m_LinearVelocityBlending: 0
  m_WarningMessage: 
  m_HasTransformHierarchy: 1
  m_AllowConstantClipSamplingOptimization: 1
  m_KeepAnimatorControllerStateOnDisable: 0
--- !u!1001 &3203734993467023392
PrefabInstance:
  m_ObjectHideFlags: 0
  serializedVersion: 2
  m_Modification:
    m_TransformParent: {fileID: 5148211802561375775}
    m_Modifications:
    - target: {fileID: 5887837630506156582, guid: 594ddbf1c6aa98b43b133fb579bf6405,
        type: 3}
      propertyPath: m_Name
      value: hijo 1
      objectReference: {fileID: 0}
    - target: {fileID: 6161058223853152023, guid: 594ddbf1c6aa98b43b133fb579bf6405,
        type: 3}
      propertyPath: m_LocalPosition.x
      value: 0
      objectReference: {fileID: 0}
    - target: {fileID: 6161058223853152023, guid: 594ddbf1c6aa98b43b133fb579bf6405,
        type: 3}
      propertyPath: m_LocalPosition.y
      value: 0
      objectReference: {fileID: 0}
    - target: {fileID: 6161058223853152023, guid: 594ddbf1c6aa98b43b133fb579bf6405,
        type: 3}
      propertyPath: m_LocalPosition.z
      value: 0
      objectReference: {fileID: 0}
    - target: {fileID: 6161058223853152023, guid: 594ddbf1c6aa98b43b133fb579bf6405,
        type: 3}
      propertyPath: m_LocalRotation.x
      value: 0
      objectReference: {fileID: 0}
    - target: {fileID: 6161058223853152023, guid: 594ddbf1c6aa98b43b133fb579bf6405,
        type: 3}
      propertyPath: m_LocalRotation.y
      value: 0
      objectReference: {fileID: 0}
    - target: {fileID: 6161058223853152023, guid: 594ddbf1c6aa98b43b133fb579bf6405,
        type: 3}
      propertyPath: m_LocalRotation.z
      value: 0
      objectReference: {fileID: 0}
    - target: {fileID: 6161058223853152023, guid: 594ddbf1c6aa98b43b133fb579bf6405,
        type: 3}
      propertyPath: m_LocalRotation.w
      value: 1
      objectReference: {fileID: 0}
    - target: {fileID: 6161058223853152023, guid: 594ddbf1c6aa98b43b133fb579bf6405,
        type: 3}
      propertyPath: m_RootOrder
      value: 0
      objectReference: {fileID: 0}
    - target: {fileID: 6161058223853152023, guid: 594ddbf1c6aa98b43b133fb579bf6405,
        type: 3}
      propertyPath: m_LocalEulerAnglesHint.x
      value: 0
      objectReference: {fileID: 0}
    - target: {fileID: 6161058223853152023, guid: 594ddbf1c6aa98b43b133fb579bf6405,
        type: 3}
      propertyPath: m_LocalEulerAnglesHint.y
      value: 0
      objectReference: {fileID: 0}
    - target: {fileID: 6161058223853152023, guid: 594ddbf1c6aa98b43b133fb579bf6405,
        type: 3}
      propertyPath: m_LocalEulerAnglesHint.z
      value: 0
      objectReference: {fileID: 0}
    - target: {fileID: 6161058223853152023, guid: 594ddbf1c6aa98b43b133fb579bf6405,
        type: 3}
      propertyPath: m_AnchoredPosition.x
      value: 0
      objectReference: {fileID: 0}
    - target: {fileID: 6161058223853152023, guid: 594ddbf1c6aa98b43b133fb579bf6405,
        type: 3}
      propertyPath: m_SizeDelta.x
      value: 59.4
      objectReference: {fileID: 0}
    - target: {fileID: 6161058223853152023, guid: 594ddbf1c6aa98b43b133fb579bf6405,
        type: 3}
      propertyPath: m_SizeDelta.y
      value: 41.71
      objectReference: {fileID: 0}
    - target: {fileID: 6161058223853152023, guid: 594ddbf1c6aa98b43b133fb579bf6405,
        type: 3}
      propertyPath: m_AnchorMin.x
      value: 0.5
      objectReference: {fileID: 0}
    - target: {fileID: 6161058223853152023, guid: 594ddbf1c6aa98b43b133fb579bf6405,
        type: 3}
      propertyPath: m_AnchorMin.y
      value: 0.5
      objectReference: {fileID: 0}
    - target: {fileID: 6161058223853152023, guid: 594ddbf1c6aa98b43b133fb579bf6405,
        type: 3}
      propertyPath: m_AnchorMax.x
      value: 0.5
      objectReference: {fileID: 0}
    - target: {fileID: 6161058223853152023, guid: 594ddbf1c6aa98b43b133fb579bf6405,
        type: 3}
      propertyPath: m_AnchorMax.y
      value: 0.5
      objectReference: {fileID: 0}
    - target: {fileID: 6161058223853152023, guid: 594ddbf1c6aa98b43b133fb579bf6405,
        type: 3}
      propertyPath: m_Pivot.x
      value: 0.5
      objectReference: {fileID: 0}
    - target: {fileID: 6161058223853152023, guid: 594ddbf1c6aa98b43b133fb579bf6405,
        type: 3}
      propertyPath: m_Pivot.y
      value: 0.5
      objectReference: {fileID: 0}
    m_RemovedComponents: []
  m_SourcePrefab: {fileID: 100100000, guid: 594ddbf1c6aa98b43b133fb579bf6405, type: 3}
--- !u!224 &8788086170116622135 stripped
RectTransform:
  m_CorrespondingSourceObject: {fileID: 6161058223853152023, guid: 594ddbf1c6aa98b43b133fb579bf6405,
    type: 3}
  m_PrefabInstance: {fileID: 3203734993467023392}
  m_PrefabAsset: {fileID: 0}
